<collection xmlns="http://www.loc.gov/MARC21/slim"><record><leader>00720nam  2200217   450</leader><controlfield tag="001">41</controlfield><controlfield tag="003">http://montalegre.opacnet.com/OPAC/default.aspx?ContentAreaControl=ShowRegHoldings.ascx&amp;RegNo=16662</controlfield><controlfield tag="005">20</controlfield><datafield tag="095" ind1=" " ind2=" "><subfield code="a">PTBN00781885</subfield></datafield><datafield tag="100" ind1=" " ind2=" "><subfield code="a">19951113d1966    m  y0pory010305  ba</subfield></datafield><datafield tag="101" ind1="1" ind2=" "><subfield code="a">por</subfield><subfield code="c">fre</subfield></datafield><datafield tag="102" ind1=" " ind2=" "><subfield code="a">PT</subfield></datafield><datafield tag="200" ind1="1" ind2=" "><subfield code="a">&lt;A &gt;pele de chagrém</subfield><subfield code="e">romance filosófico</subfield><subfield code="f">Balzac</subfield><subfield code="g">trad. Jaime Brasil</subfield></datafield><datafield tag="210" ind1=" " ind2=" "><subfield code="a">Lisboa</subfield><subfield code="c">Portugália</subfield><subfield code="d">1966</subfield></datafield><datafield tag="215" ind1=" " ind2=" "><subfield code="a">430, [1] p., [2] f</subfield><subfield code="c">il.</subfield><subfield code="d">20 cm</subfield></datafield><datafield tag="225" ind1="2" ind2=" "><subfield code="a">&lt;A &gt;comédia humana</subfield></datafield><datafield tag="675" ind1=" " ind2=" "><subfield code="a">821</subfield><subfield code="v">BN</subfield><subfield code="z">por</subfield></datafield><datafield tag="700" ind1=" " ind2="1"><subfield code="a">Balzac</subfield><subfield code="b">Honoré de</subfield><subfield code="f">1799-1850</subfield></datafield><datafield tag="702" ind1=" " ind2="1"><subfield code="a">Brasil</subfield><subfield code="b">Jaime</subfield><subfield code="f">1896-1966</subfield><subfield code="4">730</subfield></datafield><datafield tag="801" ind1=" " ind2="0"><subfield code="a">PT</subfield><subfield code="b">Biblioteca Municipal de Montalegre</subfield><subfield code="g">RPC</subfield></datafield><datafield tag="856" ind1=" " ind2=" "><subfield code="u">locateMedia.asp?cod=20060504155035&amp;ext=jpg</subfield><subfield code="z">CAPA</subfield></datafield><datafield tag="909" ind1="&#9;" ind2=" "><subfield code="a">1</subfield></datafield><datafield tag="966" ind1=" " ind2=" "><subfield code="a">0007881</subfield><subfield code="l">BMM</subfield><subfield code="s">SCG 821 BAL pel</subfield></datafield></record></collection>